<?xml version="1.0" encoding="UTF-8"?><collection xmlns="http://www.loc.gov/MARC21/slim"><record><leader>00310nam--2200121-i-4500</leader><controlfield tag="001">000038455</controlfield><controlfield tag="002">20161230</controlfield><controlfield tag="005">20161230201041</controlfield><controlfield tag="008">060222s1000------------r-----000-0-eng-d</controlfield><datafield ind1=" " ind2=" " tag="100"><subfield code="a">Reddick,H.W. And F.H.Miller</subfield></datafield><datafield ind1=" " ind2=" " tag="245"><subfield code="a">Adv.math.for enginerers</subfield></datafield><datafield ind1=" " ind2=" " tag="260"><subfield code="a">New York, John Wiley, 1949. Xii + 508 P</subfield></datafield><datafield ind1=" " ind2=" " tag="852"><subfield code="a">2676</subfield></datafield></record></collection>